<?xml version="1.0" encoding="UTF-8"?><collection xmlns="http://www.loc.gov/MARC21/slim"><record><leader>00324nam--2200109-i-4500</leader><controlfield tag="001">000026259</controlfield><controlfield tag="002">20161230</controlfield><controlfield tag="005">20161230201036</controlfield><controlfield tag="008">060222s1000------------r-----000-0-eng-d</controlfield><datafield ind1=" " ind2=" " tag="245"><subfield code="a">Instructuni 95-62 pentru verificarea debitmetrelor diferentiale cu plutitor</subfield></datafield><datafield ind1=" " ind2=" " tag="260"><subfield code="a">Bucuresti, Ed.De Stat Pt.Imprimate, 1963. 27p</subfield></datafield><datafield ind1=" " ind2=" " tag="852"><subfield code="a">8870</subfield></datafield></record></collection>